<record><leader>00000cas a2200000 a 4500</leader><controlfield tag="001">12717837</controlfield><controlfield tag="008">851025d18891899ksuwr ne      0    0eng d</controlfield><datafield ind1=" " ind2=" " tag="010"><subfield code="a">sn 85029860 </subfield></datafield><datafield ind1=" " ind2=" " tag="040"><subfield code="a">KSH</subfield><subfield code="b">eng</subfield><subfield code="c">KSH</subfield><subfield code="d">NPT</subfield><subfield code="d">OCL</subfield><subfield code="d">OCLCQ</subfield></datafield><datafield ind1=" " ind2=" " tag="042"><subfield code="a">msc</subfield></datafield><datafield ind1="0" ind2="0" tag="245"><subfield code="a">Stewart's bazoo.</subfield></datafield><datafield ind1="1" ind2="3" tag="246"><subfield code="a">Bazoo</subfield><subfield code="f">May 26-Sept. 29, 1899</subfield></datafield><datafield ind1=" " ind2=" " tag="260"><subfield code="a">Smith Centre, Kan. :</subfield><subfield code="b">Jack Stewart,</subfield><subfield code="c">1889-1899.</subfield></datafield><datafield ind1=" " ind2=" " tag="300"><subfield code="a">11 v. :</subfield><subfield code="b">ill. ;</subfield><subfield code="c">49-59 cm.</subfield></datafield><datafield ind1=" " ind2=" " tag="310"><subfield code="a">Weekly</subfield></datafield><datafield ind1="0" ind2=" " tag="362"><subfield code="a">Vol. 5, no. 30 (Apr. 4, 1889)-v. 16, no. 15 (Sept. 29, 1899).</subfield></datafield><datafield ind1=" " ind2=" " tag="500"><subfield code="a">Published by Thos. Long, May 19-Sept. 29, 1899.</subfield></datafield><datafield ind1=" " ind2=" " tag="752"><subfield code="a">United States</subfield><subfield code="b">Kansas</subfield><subfield code="c">Smith</subfield><subfield code="d">Smith Center.</subfield></datafield><datafield ind1="0" ind2="0" tag="780"><subfield code="t">Bazoo</subfield><subfield code="w">(DLC)sn 85029855</subfield></datafield><datafield ind1="0" ind2="0" tag="785"><subfield code="t">Smith County democrat</subfield><subfield code="w">(DLC)sn 85029880</subfield></datafield><datafield ind1="1" ind2=" " tag="029"><subfield code="a">AU@</subfield><subfield code="b">000022172741</subfield></datafield></record>